@article{Rodriguez_2021,
	doi = {10.1109/tits.2021.3062178},
  
	url = {https://doi.org/10.1109%2Ftits.2021.3062178},
  
	year = 2021,
	publisher = {Institute of Electrical and Electronics Engineers ({IEEE})},
  
	pages = {1--11},
  
	author = {Manuel Rodriguez and Hosam K. Fathy},
  
	title = {Distributed Kuramoto Self-Synchronization of Vehicle Speed Trajectories in Traffic Networks},
  
	journal = {{IEEE} Transactions on Intelligent Transportation Systems}
}

https://ijier.net/index.php/ijier/article/view/432


@article{PhysRevE.66.041904,
  title = {Event synchronization: A simple and fast method to measure synchronicity and time delay patterns},
  author = {Quian Quiroga, R. and Kreuz, T. and Grassberger, P.},
  journal = {Phys. Rev. E},
  volume = {66},
  issue = {4},
  pages = {041904},
  numpages = {9},
  year = {2002},
  month = {Oct},
  publisher = {American Physical Society},
  doi = {10.1103/PhysRevE.66.041904},
  url = {https://link.aps.org/doi/10.1103/PhysRevE.66.041904}
}

@article{PhysRevE.101.022210,
  title = {Origin of amplitude synchronization in coupled nonidentical oscillators},
  author = {Qiu, Qi and Zhou, Benzheng and Wang, Pai and He, Ligang and Xiao, Yunhao and Yang, Zhenyu and Zhan, Meng},
  journal = {Phys. Rev. E},
  volume = {101},
  issue = {2},
  pages = {022210},
  numpages = {7},
  year = {2020},
  month = {Feb},
  publisher = {American Physical Society},
  doi = {10.1103/PhysRevE.101.022210},
  url = {https://link.aps.org/doi/10.1103/PhysRevE.101.022210}
}

@ARTICLE{6845368,

  author={Biswas, Rahul and Khamaru, Koulik and Majumdar, Kaushik K.},

  journal={IEEE Transactions on Signal Processing}, 

  title={A Peak Synchronization Measure for Multiple Signals}, 

  year={2014},

  volume={62},

  number={17},

  pages={4390-4398},

  doi={10.1109/TSP.2014.2333568}}

  @inproceedings{inproceedings,
  author = {Vodenicarevic, Damir and Locatelli, Nicolas and Grollier, Julie and Querlioz, Damien},
  year = {2016},
  month = {07},
  pages = {2015-2022},
  title = {Synchronization Detection in Networks of Coupled Oscillators for Pattern Recognition},
  doi = {10.1109/IJCNN.2016.7727447}
  }


